<marcxml:record xmlns:marcxml="http://www.loc.gov/MARC21/slim" xmlns:idx="info:lc/xq-modules/lcindex" xmlns:madsrdf="http://www.loc.gov/mads/rdf/v1#" xmlns:ri="http://id.loc.gov/ontologies/RecordInfo#" xmlns:xlink="http://www.w3.org/1999/xlink" xmlns:rdf="http://www.w3.org/1999/02/22-rdf-syntax-ns#" xmlns:mets="http://www.loc.gov/METS/" xmlns:semtriples="http://marklogic.com/semantic" xmlns:xsi="http://www.w3.org/2001/XMLSchema-instance" xmlns:streams="info:lc/streams#">
            <marcxml:leader>01095cz  a2200277n  4500</marcxml:leader>
            <marcxml:controlfield tag="001">sh86002522</marcxml:controlfield>
            <marcxml:controlfield tag="003">DLC</marcxml:controlfield>
            <marcxml:controlfield tag="005">20110604081525.0</marcxml:controlfield>
            <marcxml:controlfield tag="008">860429|| anannbabn          |a ana      </marcxml:controlfield>
            <marcxml:datafield tag="010" ind1=" " ind2=" ">
              <marcxml:subfield code="a">sh 86002522 </marcxml:subfield>
            </marcxml:datafield>
            <marcxml:datafield tag="034" ind1=" " ind2=" ">
              <marcxml:subfield code="d">E0090538</marcxml:subfield>
              <marcxml:subfield code="e">E0090538</marcxml:subfield>
              <marcxml:subfield code="f">N0455027</marcxml:subfield>
              <marcxml:subfield code="g">N0455027</marcxml:subfield>
              <marcxml:subfield code="2">geonames</marcxml:subfield>
            </marcxml:datafield>
            <marcxml:datafield tag="040" ind1=" " ind2=" ">
              <marcxml:subfield code="a">DLC</marcxml:subfield>
              <marcxml:subfield code="c">DLC</marcxml:subfield>
              <marcxml:subfield code="d">DLC</marcxml:subfield>
            </marcxml:datafield>
            <marcxml:datafield tag="151" ind1=" " ind2=" ">
              <marcxml:subfield code="a">Como, Lake (Italy)</marcxml:subfield>
            </marcxml:datafield>
            <marcxml:datafield tag="451" ind1=" " ind2=" ">
              <marcxml:subfield code="a">Lacus Larius (Italy)</marcxml:subfield>
            </marcxml:datafield>
            <marcxml:datafield tag="451" ind1=" " ind2=" ">
              <marcxml:subfield code="a">Lago di Como (Italy)</marcxml:subfield>
            </marcxml:datafield>
            <marcxml:datafield tag="451" ind1=" " ind2=" ">
              <marcxml:subfield code="a">Lake Como (Italy)</marcxml:subfield>
            </marcxml:datafield>
            <marcxml:datafield tag="451" ind1=" " ind2=" ">
              <marcxml:subfield code="a">Lario (Italy)</marcxml:subfield>
            </marcxml:datafield>
            <marcxml:datafield tag="550" ind1=" " ind2=" ">
              <marcxml:subfield code="w">g</marcxml:subfield>
              <marcxml:subfield code="a">Lakes</marcxml:subfield>
              <marcxml:subfield code="z">Italy</marcxml:subfield>
            </marcxml:datafield>
            <marcxml:datafield tag="670" ind1=" " ind2=" ">
              <marcxml:subfield code="a">Work cat.: Il Lago di Como ... c1983.</marcxml:subfield>
            </marcxml:datafield>
            <marcxml:datafield tag="670" ind1=" " ind2=" ">
              <marcxml:subfield code="a">Lippincott</marcxml:subfield>
              <marcxml:subfield code="b">(Como, Lake)</marcxml:subfield>
            </marcxml:datafield>
            <marcxml:datafield tag="670" ind1=" " ind2=" ">
              <marcxml:subfield code="a">Web. geog.</marcxml:subfield>
              <marcxml:subfield code="b">(Como, Lake or anc. Lacus Larius)</marcxml:subfield>
            </marcxml:datafield>
            <marcxml:datafield tag="670" ind1=" " ind2=" ">
              <marcxml:subfield code="a">Britannica Micro.</marcxml:subfield>
              <marcxml:subfield code="b">(Como, Lake, Italian "Lago di Como," sometimes called Lario from its ancient name Lacus Larius)</marcxml:subfield>
            </marcxml:datafield>
            <marcxml:datafield tag="670" ind1=" " ind2=" ">
              <marcxml:subfield code="a">United States. Office of Geography. Italy and associated areas, 1956</marcxml:subfield>
              <marcxml:subfield code="b">(Como, Lago di; variant, Lario)</marcxml:subfield>
            </marcxml:datafield>
            <marcxml:datafield tag="670" ind1=" " ind2=" ">
              <marcxml:subfield code="a">The Times, London. The Times atlas of the world. 1955-59</marcxml:subfield>
              <marcxml:subfield code="b">(Como, &amp; L. di)</marcxml:subfield>
            </marcxml:datafield>
            <marcxml:datafield tag="670" ind1=" " ind2=" ">
              <marcxml:subfield code="a">GeoNames [algorithmically matched]</marcxml:subfield>
              <marcxml:subfield code="b">lake; 45°50ʹ27ʺN 009°05ʹ38ʺE</marcxml:subfield>
            </marcxml:datafield>
            <marcxml:datafield tag="781" ind1=" " ind2="0">
              <marcxml:subfield code="z">Italy</marcxml:subfield>
              <marcxml:subfield code="z">Como, Lake</marcxml:subfield>
            </marcxml:datafield>
          </marcxml:record>
